<record><leader>00000cas a22000007a 4500</leader><controlfield tag="001">14988160</controlfield><controlfield tag="008">861218d18841978mouwr ne      0    0eng d</controlfield><datafield ind1=" " ind2=" " tag="010"><subfield code="a">sn 86054032 </subfield></datafield><datafield ind1=" " ind2=" " tag="040"><subfield code="a">NPX</subfield><subfield code="b">eng</subfield><subfield code="c">NPX</subfield><subfield code="d">MQN</subfield><subfield code="d">OCLCQ</subfield></datafield><datafield ind1=" " ind2=" " tag="042"><subfield code="a">msc</subfield></datafield><datafield ind1="0" ind2=" " tag="130"><subfield code="a">Current wave (Eminence, Mo. : 1884)</subfield></datafield><datafield ind1="1" ind2="0" tag="245"><subfield code="a">Current wave.</subfield></datafield><datafield ind1=" " ind2=" " tag="260"><subfield code="a">Eminence, Mo. :</subfield><subfield code="b">C.S. Seaman</subfield></datafield><datafield ind1=" " ind2=" " tag="300"><subfield code="a">v.</subfield></datafield><datafield ind1=" " ind2=" " tag="310"><subfield code="a">Weekly</subfield></datafield><datafield ind1="0" ind2=" " tag="362"><subfield code="a">Vol. 1, no. 1 (July 2, 1884)-v. 105, no. 10 (June 1, 1978).</subfield></datafield><datafield ind1=" " ind2=" " tag="500"><subfield code="a">Published in Winona, Mo., &lt;July 26, 1890&gt;-Dec. 3, 1891.</subfield></datafield><datafield ind1=" " ind2="4" tag="651"><subfield code="a">Shannon County (Mo.)</subfield><subfield code="v">Newspapers.</subfield></datafield><datafield ind1=" " ind2=" " tag="752"><subfield code="a">United States</subfield><subfield code="b">Missouri</subfield><subfield code="c">Shannon</subfield><subfield code="d">Eminence.</subfield></datafield><datafield ind1=" " ind2=" " tag="752"><subfield code="a">United States</subfield><subfield code="b">Missouri</subfield><subfield code="c">Shannon</subfield><subfield code="d">Winona.</subfield></datafield><datafield ind1="0" ind2="5" tag="780"><subfield code="t">Shannon County democrat</subfield><subfield code="w">(DLC)sn 89067378</subfield></datafield><datafield ind1="0" ind2="0" tag="785"><subfield code="t">Shannon County current wave</subfield><subfield code="w">(DLC)sn 90073103</subfield></datafield><datafield ind1="1" ind2=" " tag="029"><subfield code="a">AU@</subfield><subfield code="b">000025799360</subfield></datafield></record>